3197 5016
471 292 582 346 112

544 470 574 545 ξ
610 475 737 530 133.
785 470 1058 528 Liberum
1089 478 1281 528 autem
1309 468 1624 527 arbitrium

467 563 545 610 est
573 555 627 610 ei
654 552 757 627 qui
775 551 984 626 fllium
1010 560 1060 610 et
1087 572 1155 609 ex
1180 571 1239 609 eo
1270 561 1525 626 nepotem
1555 550 1622 607 in

456 643 728 710 potestate
793 633 1031 698 habebit,
1099 631 1309 708 filium
1391 632 1624 709 quidem

455 725 732 790 potestate
773 715 1074 787 dimittere,
1103 723 1357 789 nepotem
1397 734 1526 772 vero
1554 715 1623 771 in

454 807 729 874 potestate
786 796 1024 854 retinere
1041 818 1070 865 ,·
1127 798 1215 853 vel
1271 816 1340 854 ea·
1398 795 1622 853 diverso

445 877 657 953 filium
696 878 924 953 quidem
951 880 1020 935 in
1050 886 1324 955 potestate
1364 877 1619 947 retinere,

465 969 718 1035 nepotem
745 980 873 1017 vero
902 959 1307 1017 manumittere
1332 980 1349 1021 .·
1392 958 1481 1015 vel
1504 978 1622 1016 om-

462 1061 563 1099 nes
603 1042 704 1098 sui
741 1041 898 1099 iuris
935 1041 1154 1117 efficere.
1226 1039 1422 1097 eadem
1461 1049 1515 1097 et
1553 1039 1624 1097 de

452 1131 761 1200 pronepote
789 1122 949 1180 dicta
975 1143 1086 1181 esse
1112 1122 1509 1197 intelleqemus.

548 1202 578 1278 §
612 1209 743 1262 134.
789 1204 1093 1262 Praeterea
1130 1214 1401 1279 parentes
1429 1201 1623 1260 liberie

464 1284 534 1341 in
562 1284 930 1362 adoptionem
955 1285 1113 1343 datis
1139 1284 1208 1341 in
1229 1293 1501 1361 potestate
1533 1304 1623 1341 eos

461 1364 662 1423 habere
683 1364 954 1424 desinunt
970 1389 997 1436 ‚·
1040 1377 1089 1424 et
1116 1367 1186 1423 in
1206 1364 1344 1441 filio
1372 1365 1620 1440 quidem,

461 1447 514 1505 si
550 1447 621 1504 in
647 1448 1009 1524 adoptionem
1036 1447 1231 1517 datur,
1263 1456 1374 1505 tres
1399 1449 1622 1504 marzei-

451 1530 723 1606 patio‘nee
742 1538 799 1587 et
824 1530 971 1587 duae
987 1527 1403 1587 intercedentes
1421 1547 1620 1585 manu-

464 1608 767 1668 missiones
809 1610 1051 1686 proinde
1078 1610 1245 1680 fiunt‚
1273 1629 1341 1667 ac
1367 1608 1493 1667 fieri
1531 1630 1621 1668 so-

460 1691 587 1750 lent
615 1712 745 1749 cum
774 1691 859 1750 ita
885 1711 1016 1750 eutn
1038 1692 1205 1768 pater
1232 1692 1303 1750 de
1330 1697 1622 1767 potestate

463 1773 729 1844 dimittit,
757 1782 826 1833 ut
853 1773 945 1831 sui
983 1772 1128 1831 iuris
1169 1772 1464 1830 efficiatur.
1522 1772 1620 1831 de-

461 1854 599 1912 inde
627 1863 731 1914 aut
771 1855 930 1931 patri
970 1854 1416 1929 remancipatur,
1447 1861 1505 1914 et
1547 1853 1620 1911 ab

460 1955 528 1994 eo
586 1936 638 1995 is
697 1936 798 2012 qui
858 1936 1099 2012 adoptat
1156 1934 1414 1995 vindicat
1475 1942 1619 2010 aput

461 2025 787 2094 praetorem
815 2016 1003 2076 filium
1045 2037 1211 2076 suum
1255 2036 1391 2087 esse,
1423 2024 1484 2075 et
1516 2016 1619 2076 illo

463 2107 665 2157 contra
709 2119 828 2158 non
884 2099 1219 2158 vindicante
1273 2118 1313 2155 a
1353 2103 1619 2174 praetore

458 2179 782 2239 vindicanti
824 2181 977 2239 filius
1018 2179 1322 2251 addicitur,
1354 2184 1458 2237 aut
1498 2200 1620 2237 ‘non

460 2262 887 2339 remancipatur
904 2263 1073 2339 patri,
1084 2261 1183 2320 sed
1197 2261 1248 2320 ei
1264 2282 1367 2338 qm
1357 2262 1619 2339 adoptat

458 2343 527 2425 ²⁶⁷3:
566 2346 695 2400 iure
736 2343 956 2401 ceditur
981 2345 1052 2401 ab
1079 2364 1138 2401 eo
1167 2343 1329 2420 apud
1356 2363 1521 2420 quem
1548 2344 1618 2400 ia

460 2426 633 2482 tertia
688 2424 1114 2501 mancipatione
1162 2434 1289 2483 est:
1350 2429 1439 2482 set
1479 2443 1617 2482 sane

460 2506 814 2565 commodius
833 2516 923 2566 est
938 2506 1090 2584 patri
1112 2505 1511 2583 remancipari.
1552 2504 1617 2563 in

459 2589 665 2646 ceteris
695 2608 830 2646 vero
869 2587 1181 2646 liberorum
1208 2588 1488 2664 personis,
1514 2607 1616 2646 seu

461 2668 764 2728 masculini
807 2690 907 2727 seu
952 2668 1216 2727 feminini
1265 2689 1453 2740 sexus,
1500 2689 1618 2728 una

461 2750 680 2809 scilicet
699 2750 1048 2828 mancipatio
1075 2750 1302 2822 sufficit,
1326 2755 1386 2809 et
1406 2758 1507 2809 aut
1527 2770 1615 2809 re-

462 2831 864 2909 mancipantur
881 2831 1109 2908 parenti
1126 2836 1229 2890 aut
1245 2852 1365 2890 non
1391 2852 1615 2890 reman-

462 2914 747 2990 cipantur.
833 2913 1057 2972 Eadem
1098 2921 1158 2972 et
1198 2912 1260 2970 in
1301 2913 1616 2989 provinciis

459 3000 607 3070 aput
667 2995 987 3075 praesidem
1044 2994 1371 3073 provinciae
1429 2996 1617 3055 solent

456 3075 600 3136 fieri.

538 3405 568 3482 ξ
613 3409 725 3464 135
745 3425 798 3461 a.
847 3402 967 3477 Qui
1020 3424 1095 3463 ex
1133 3402 1254 3462 filio
1296 3404 1468 3462 semel
1509 3403 1616 3462 iee-

459 3507 661 3546 rumve
680 3486 1005 3562 mancipato
1023 3490 1331 3564 con-ceptus
1352 3494 1457 3557 est,
1481 3484 1616 3544 licet

458 3577 592 3645 post
633 3567 867 3627 tertiam
911 3565 1394 3643 mancipationem
1430 3565 1615 3642 patris

458 3649 548 3709 sui
577 3655 860 3723 nascatur,
888 3655 1086 3707 tamen
1112 3649 1173 3707 in
1203 3647 1615 3724 aQoteemte

455 3738 559 3799 est,
590 3736 648 3790 et
687 3731 819 3789 ideo
860 3731 934 3789 ab
977 3750 1043 3789 eo
1084 3735 1144 3788 et
1184 3728 1528 3806 emancipari
1555 3736 1616 3787 et

456 3812 520 3870 in
541 3812 935 3906 ,adoptionem
975 3810 1105 3869 dari
1146 3816 1354 3886 potest.
1439 3809 1524 3868 At
1565 3810 1615 3868 is

454 3893 558 3972 qui
600 3914 672 3952 ex
711 3914 779 3952 eo
819 3893 940 3951 filio
967 3899 1278 3967 conceptus
1305 3897 1394 3950 est
1420 3890 1522 3968 qui
1550 3891 1615 3949 in

456 3976 631 4035 tertia
651 3974 1079 4052 mancipatione
1096 3982 1199 4046 est,
1219 3993 1333 4030 non
1356 3971 1615 4031 nascitur

457 4055 520 4115 in
547 4057 641 4116 avi
668 4062 969 4152 potestate.
1001 4061 1089 4114 set
1110 4075 1242 4113 eum
1272 4055 1466 4114 Labeo
1484 4054 1612 4130 qui-

458 4138 589 4198 dem
630 4139 924 4197 existimat
951 4137 1014 4195 in
1041 4137 1295 4196 eiusdem
1323 4135 1613 4213 mancipio

459 4239 580 4278 esse
596 4220 759 4279 cuius
780 4227 839 4278 et
859 4228 1026 4296 pater
1042 4219 1137 4277 sit.
1179 4219 1402 4277 utimur
1417 4227 1613 4276 autem

388 4334 409 4348 ι
456 4299 566 4358 hoc
595 4301 736 4373 iure,
764 4307 833 4359 ut
860 4320 1036 4378 quam
1061 4299 1163 4358 diu
1193 4305 1362 4376 pater
1389 4299 1510 4357 eius
1550 4299 1612 4356 in

456 4382 743 4458 mancipio
772 4382 866 4452 sit,
889 4380 1136 4457 pendeat
1170 4381 1262 4439 ius
1291 4382 1447 4440 eius:
1477 4387 1537 4439 et
1563 4381 1613 4439 si

458 4460 694 4538 quidem
730 4470 897 4538 pater
936 4462 1061 4521 eius
1089 4483 1162 4521 ex
1190 4461 1614 4539 mancipatione

464 4711 521 4748 ·-’
550 4705 587 4796 'I
636 4697 803 4759 ’κνυ-

1381 286 1490 344 DE
1533 284 1950 346 PERSONIS.

2377 284 2446 369 [1.
2474 288 2535 364 ξς
2569 288 2863 347 132-136.

1782 467 1977 543 §133.
2037 468 2100 527 A
2142 468 2520 545 grandfather
2573 469 2701 528 who
2756 468 2860 529 has

1699 549 1841 608 both
1871 570 1906 607 a
1932 569 2052 622 son,
2081 550 2197 608 and
2218 550 2296 627 by
2322 550 2413 609 his
2453 571 2558 609 son
2586 571 2622 609 a
2646 551 2857 626 grand·

1700 651 1819 703 son,
1849 630 1911 689 in
1941 630 2031 689 his
2053 651 2263 708 power,
2288 652 2423 708 may
2443 632 2626 691 either
2646 632 2859 691 release

1700 712 1789 770 his
1832 732 1936 771 son
1984 712 2134 771 from
2179 713 2268 771 his
2308 733 2505 791 power
2530 714 2640 771 and
2672 713 2859 772 retain

1697 793 1797 853 the
1823 794 2132 871 grandson,
2160 814 2227 853 or
2254 795 2442 854 retain
2483 795 2581 853 the
2610 814 2714 853 son
2742 795 2858 854 and

1698 875 1984 935 manumit
2023 875 2124 935 the
2163 877 2475 954 grandson,
2505 896 2574 935 or
2613 876 2882 947 emanet,

1697 966 1833 1034 pate
1859 956 2002 1015 both
2031 978 2137 1017 son
2164 958 2279 1017 and
2306 957 2597 1034 grandson
2619 978 2635 1030 3
2679 956 2795 1016 and
2821 978 2858 1017 a

1696 1046 1862 1115 great
1888 1039 2265 1115 grandfather
2283 1039 2386 1098 has
2412 1059 2448 1097 a
2473 1038 2698 1098 similar
2724 1039 2855 1098 lati·

1697 1120 1838 1178 tude
1864 1121 1933 1177 of
1954 1120 2164 1179 choice.

1777 1201 1807 1277 ᾗ
1842 1206 1971 1260 134.
2016 1201 2074 1259 Α
2110 1202 2299 1260 father
2338 1200 2389 1260 is
2429 1201 2550 1260 also
2592 1201 2856 1260 divested

1697 1282 1763 1340 of
1785 1302 1978 1359 power
1998 1304 2135 1342 over
2156 1283 2244 1341 his
2266 1283 2523 1342 children
2553 1283 2631 1359 by
2650 1282 2855 1358 giving

1696 1363 1854 1423 them
1897 1364 1958 1421 in
2000 1364 2291 1441 adoption.
2377 1365 2459 1423 To
2500 1364 2632 1441 give
2673 1385 2708 1421 a
2751 1384 2855 1422 son

1695 1445 1758 1502 in
1801 1445 2092 1522 adoption,
2123 1446 2223 1504 the
2250 1446 2378 1505 first
2425 1453 2586 1523 stage
2614 1445 2665 1503 is
2691 1444 2856 1504 three

1698 1526 2114 1605 mancipatione
2132 1527 2246 1585 and
2254 1536 2374 1586 two
2394 1527 2853 1593 manumissione,

1696 1627 1759 1666 as
1800 1609 1862 1665 in
1904 1629 2114 1667 emanet
2104 1609 2361 1686 patlon
2407 1609 2555 1666 aster
2595 1608 2716 1666 thia
2757 1608 2855 1666 the

1696 1708 1799 1747 son
1841 1690 1892 1747 is
1941 1689 2129 1749 either
2169 1689 2600 1766 remancipated
2643 1694 2708 1747 ιο
2754 1689 2854 1747 the

1695 1770 1899 1843 father,
1929 1773 2043 1829 and
2085 1771 2162 1846 by
2190 1771 2289 1829 the
2329 1773 2571 1847 adopter
2611 1769 2854 1829 claimed

1695 1871 1759 1910 as
1788 1872 1892 1910 son
1922 1852 2071 1911 from
2107 1852 2226 1910 him
2269 1853 2346 1929 by
2374 1851 2728 1911 vindication
2758 1852 2856 1910 be-

1694 1933 1818 1992 fore
1858 1933 1960 1993 the
2002 1944 2249 2011 praetor,
2277 1935 2392 1992 and
2433 1933 2498 1992 in
2541 1933 2761 1991 default
2797 1932 2862 1991 of

1697 2015 2108 2074 counterclaim
2149 2016 2226 2093 by
2252 2015 2354 2074 the
2394 2014 2625 2073 natural
2667 2014 2857 2073 father

1699 2095 1749 2154 is
1800 2097 2066 2155 awarded
2116 2097 2193 2173 by
2234 2097 2333 2156 the
2381 2107 2613 2174 praetor
2650 2103 2714 2154 to
2755 2096 2856 2155 the

1695 2177 1966 2254 adoptive
1983 2178 2172 2237 father
2187 2199 2249 2237 as
2267 2179 2359 2237 his
2376 2198 2506 2250 son;
2532 2198 2600 2236 or
2610 2176 2856 2235 without

1695 2259 2146 2337 remancipation
2178 2266 2242 2318 tc
2270 2260 2368 2318 the
2406 2258 2635 2318 natural
2664 2258 2855 2316 father

1693 2339 1743 2399 is
1784 2340 2029 2418 directly
2056 2341 2297 2400 claimed
2340 2341 2417 2418 by
2445 2339 2545 2400 the
2576 2340 2853 2417 adoptive

1692 2421 1881 2482 father
1961 2423 2039 2498 by
2106 2422 2461 2481 vindication
2530 2421 2678 2479 from
2752 2420 2853 2480 the

1691 2503 1910 2564 alienee
1967 2504 2031 2564 of
2085 2504 2184 2563 the
2243 2504 2403 2563 third
2461 2500 2852 2580 mancipation

1696 2585 2001 2665 (fiduciary
2042 2583 2288 2664 father);
2335 2588 2443 2645 but
2488 2585 2538 2644 it
2587 2584 2637 2643 is
2693 2604 2852 2644 more

1693 2667 2037 2726 convenient
2078 2674 2139 2725 to
2181 2668 2472 2744 inter-pose
2508 2686 2543 2725 a
2579 2666 2852 2725 remanci-

1693 2749 1895 2826 pation
1918 2760 1980 2807 ιο
2008 2748 2107 2807 the
2125 2750 2354 2808 natural
2381 2747 2585 2807 father.
2649 2747 2724 2805 In
2750 2747 2853 2806 the

1694 2850 1821 2890 case
1849 2831 1915 2889 of
1950 2830 2119 2889 other
2159 2831 2324 2902 issue,
2356 2830 2506 2888 male
2535 2849 2601 2887 or
2627 2829 2851 2900 female,

1693 2933 1729 2971 a
1768 2912 1950 2989 single
1990 2911 2383 2988 mancipation
2423 2911 2661 2980 suffices,
2708 2910 2851 2969 with

1692 3013 1759 3051 or
1813 2994 2062 3052 without
2123 2993 2579 3069 remancipation
2635 2999 2698 3050 to
2753 2991 2853 3052 the

1694 3075 1926 3134 natural
1967 3074 2172 3134 father.
2260 3075 2334 3132 In
2363 3074 2460 3133 the
2487 3072 2790 3151 provinces
2817 3093 2853 3131 a

1692 3156 1915 3218 similar
1941 3176 2242 3232 ceremony
2270 3176 2375 3214 can
2412 3155 2484 3213 be
2525 3154 2852 3232 performed

1658 3238 1885 3297 before
1934 3239 2033 3298 the
2097 3237 2394 3315 president
2448 3237 2514 3295 of
2561 3237 2662 3295 the
2720 3256 2851 3314 pro-

1690 3339 1876 3379 vmce.

1773 3402 1803 3478 ξ
1851 3405 1964 3460 135
1984 3423 2038 3460 α.
2096 3401 2159 3460 A
2211 3401 2503 3478 grandson
2572 3399 2847 3477 begotten

1691 3483 1841 3542 after
1889 3482 1989 3541 the
2035 3481 2162 3544 first
2203 3503 2271 3541 or
2309 3482 2518 3541 second
2559 3480 2849 3557 mancipa-

1691 3565 1818 3623 tion
1859 3564 1926 3622 of
1961 3564 2061 3622 the
2102 3584 2222 3636 son,
2252 3564 2475 3639 though
2518 3562 2665 3621 born
2701 3563 2851 3620 after

1691 3646 1789 3705 the
1872 3645 2029 3704 third
2107 3645 2514 3721 mancipation,
2587 3643 2636 3702 is
2719 3643 2848 3702 sub-

1683 3729 1803 3803 ject
1857 3732 1920 3786 ιο
1976 3726 2075 3786 the
2129 3747 2325 3804 power
2386 3726 2452 3785 of
2500 3724 2599 3784 the
2638 3724 2847 3802 grand-

1690 3808 1894 3879 father,
1918 3808 2033 3867 and
2061 3828 2195 3887 may
2222 3809 2300 3884 by
2337 3807 2456 3865 him
2486 3807 2556 3865 be
2584 3806 2758 3883 given
2786 3806 2851 3864 in

1689 3890 1965 3967 adoption
1994 3909 2060 3947 or
2103 3888 2532 3965 emancipated:
2576 3908 2612 3946 a
2637 3888 2851 3963 grand·

1689 3992 1793 4032 son
1822 3971 2096 4049 begotten
2122 3971 2270 4030 after
2297 3970 2395 4029 the
2431 3968 2593 4027 third
2638 3968 2851 4027 manci-

1688 4053 1888 4131 pation
1915 4052 1966 4111 is
1992 4060 2097 4111 not
2124 4052 2271 4111 born
2312 4051 2374 4109 in
2413 4050 2514 4109 the
2555 4069 2750 4127 power
2792 4049 2859 4107 of

1688 4134 1787 4193 the
1839 4133 2229 4229 grandfather,
2270 4133 2397 4198 but,
2438 4131 2748 4210 according
2787 4138 2854 4191 ιο

1689 4216 1895 4288 Labeo,
1919 4216 1971 4274 is
1997 4215 2187 4274 born'
2172 4236 2233 4273 m
2261 4212 2650 4290 mancipation
2670 4219 2734 4272 ιο
2750 4212 2854 4271 the

1688 4317 1896 4376 person
1923 4302 1985 4355 to
2008 4296 2196 4355 whom
2219 4296 2312 4354 his
2341 4294 2578 4353 father
2561 4315 2613 4354 ιε
2639 4295 2855 4352 manci·

1692 4379 1886 4456 pated.
1969 4378 2089 4436 The
2147 4378 2292 4449 rule,
2334 4378 2615 4448 however,
2658 4374 2854 4435 which

1689 4461 1793 4520 has
1820 4459 2092 4520 obtained
2134 4464 2476 4536 acceptance
2518 4458 2585 4531 is,
2616 4456 2747 4517 that
2788 4477 2854 4517 so

1796 4701 1848 4772 (ι’.
1955 4727 2034 4780 ci,
2111 4741 2122 4784 ξ

2569 4721 2592 4742 f.

2305 4781 2358 4806 ’ν
2438 4787 2450 4814 1
2559 4757 2654 4810 ⁴⁸²²
2751 4779 2990 4843 '‘n-saw·
3169 4765 3177 4975 i
