3197 5016
466 303 576 356 158

457 482 595 559 quia
623 483 685 541 in
714 502 771 541 eo
793 483 911 542 solo
933 484 1259 544 dominium
1278 487 1484 564 populi
1505 486 1617 546 Ro-

457 565 616 622 mani
664 570 753 623 est
799 566 892 624 vel
943 566 1221 638 Caesaffl,
1272 588 1377 626 nos
1424 576 1620 627 autem

456 646 869 722 possessionem
928 654 1156 706 tantum
1204 660 1253 707 et
1295 651 1619 708 usumfruc-

457 733 585 785 tum
615 727 823 786 habere
851 729 1131 788 videmur.
1193 731 1397 808 utique
1424 740 1620 789 tamen

456 810 741 867 eiusmodi
770 810 941 882 locus,
972 811 1096 869 licet
1131 833 1250 869 non
1278 816 1356 870 sic
1384 813 1619 888 religio-

458 911 573 961 sus,
595 910 702 967 pro
721 893 987 968 reliyioso
1004 892 1254 965 habetur,
1275 893 1413 971 quia
1441 894 1621 952 etiam

460 973 617 1048 quod
645 972 709 1030 in
741 973 1055 1049 provinciis
1096 995 1213 1033 non
1254 997 1327 1035 ex
1368 976 1619 1034 auctori-

456 1060 578 1113 tate
607 1054 813 1131 populi
836 1053 1083 1113 Romani
1106 1065 1495 1116 consecratum
1513 1065 1619 1129 est,

456 1135 689 1212 proprie
726 1156 953 1193 sacrum
982 1157 1098 1195 non
1136 1144 1240 1210 est,
1269 1146 1465 1197 tamen
1509 1159 1619 1215 pro

457 1236 618 1275 sacro
645 1217 909 1276 habetur.

539 1299 568 1373 §
599 1301 653 1356 8.
712 1299 954 1357 Sanctae
1010 1321 1239 1378 quoque
1293 1320 1402 1374 res,
1459 1302 1618 1360 velut

458 1380 609 1438 muri
639 1387 698 1439 et
726 1386 944 1456 portae,
976 1383 1398 1459 quodammodo
1427 1383 1617 1443 divini

457 1461 603 1520 iuris
630 1468 782 1520 sunt.

538 1625 569 1700 ξ
598 1629 650 1685 9.
684 1623 854 1699 Quod
882 1634 1078 1685 autem
1105 1628 1300 1687 divini
1339 1627 1484 1686 iuris
1511 1635 1616 1700 est,

459 1706 521 1764 id
542 1706 797 1765 nullius
779 1725 843 1763 m
864 1706 1029 1767 bonis
1051 1716 1177 1768 est·
1221 1709 1283 1769 id
1303 1729 1440 1768 vero
1461 1711 1616 1788 quod

455 1787 699 1846 humani
725 1789 879 1847 iuris
905 1801 982 1848 est
1004 1793 1339 1869 plerumque
1365 1792 1619 1850 alicuius

458 1872 526 1927 iu
555 1870 717 1928 bonis
744 1882 861 1930 est:
887 1884 1068 1951 potest
1097 1883 1288 1931 atatem
1314 1884 1365 1930 et
1394 1873 1618 1932 nullius

455 1953 527 2010 in
554 1952 719 2010 bonis
745 1973 872 2013 esso.
937 1975 1079 2012 nam
1107 1975 1196 2014 res
1220 1954 1616 2026 hereditariae,

455 2044 769 2111 antequam
795 2038 1014 2113 aliquis
1051 2037 1205 2096 heres
1231 2039 1453 2109 eei-stat,
1484 2037 1615 2095 md-

457 2115 575 2174 lius
603 2118 671 2173 in
697 2119 864 2176 bonis
889 2129 1042 2176 sunt.

536 2277 566 2352 ξ
599 2283 688 2337 10.
721 2278 855 2337 Hae
871 2290 1059 2338 autem
1085 2300 1173 2338 res
1190 2301 1337 2356 quae
1362 2281 1617 2338 humani

454 2361 612 2417 iuris
651 2371 803 2433 sunt,
846 2373 952 2420 aut
1000 2362 1266 2439 Publicae
1322 2374 1458 2421 sunt
1507 2373 1613 2421 aut

446 2442 734 2515 privatae.

536 2521 565 2597 ξ
602 2527 689 2581 11.
724 2523 890 2597 Quae
908 2527 1175 2600 publicae
1202 2538 1354 2598 sunt,
1383 2527 1613 2586 nullius

453 2605 526 2663 in
545 2603 709 2663 bonis
734 2626 846 2664 esse
867 2608 1210 2678 creduntmy
1238 2608 1428 2686 ipsius
1455 2609 1613 2666 euim

451 2686 853 2745 universitatis
870 2708 984 2746 esse
999 2690 1329 2748 creduntur.
1343 2690 1612 2766 privatae

450 2775 642 2826 motem
668 2779 822 2841 sunt,
844 2790 993 2847 quae
1019 2770 1386 2848 sinyulorum
1411 2781 1567 2831 sunt.

1224 301 1334 360 DE
1378 301 1647 361 REBUS
1689 300 2093 360 SINGULIS.

2465 299 2561 383 [11.
2592 303 2651 380 §5
2688 310 2859 363 1-14.

1694 486 1937 563 belongs
1983 494 2045 545 to
2086 485 2190 544 the
2231 486 2435 563 people
2478 487 2544 546 of
2579 487 2766 546 Rome
2795 508 2863 546 or

1695 568 1795 626 the
1839 588 2125 662 emperor,
2161 568 2279 626 and
2329 567 2682 627 individuale
2724 570 2862 645 only

1697 649 1842 708 have
1885 649 2205 726 possession
2267 670 2334 707 or
2394 651 2675 721 usufruct,
2718 650 2858 709 such

1696 732 1902 808 places,
1961 730 2186 807 though
2248 737 2353 790 not
2416 732 2689 808 properly
2728 731 2858 790 reli-

1694 812 1880 889 gious,
1923 832 2022 871 are
2084 811 2274 888 quasi-
2277 812 2584 890 religious;
2619 813 2748 889 just
2794 835 2859 873 as

1695 894 2014 970 provincial
2074 893 2201 965 soil,
2247 893 2307 951 in
2370 893 2595 954 default
2658 896 2723 953 of
2759 895 2857 954 the

1694 975 2118 1034 authorization
2199 974 2264 1033 of
2339 975 2439 1034 the
2524 976 2729 1052 people
2799 977 2864 1034 of

1696 1057 1895 1129 Rome,
1940 1058 1989 1115 is
2032 1057 2311 1115 rendered
2352 1058 2431 1133 by
2459 1058 2855 1117 consecration

1694 1146 1798 1197 not
1827 1138 2042 1211 sacred,
2071 1139 2180 1197 but
2210 1138 2617 1215 quasi-sacred.

1774 1300 1889 1376 §8.
1953 1301 2303 1360 Sanctioned
2344 1302 2533 1377 places
2574 1321 2674 1361 are
2716 1309 2780 1361 to
2821 1323 2856 1361 a

1693 1383 1916 1441 certain
1958 1389 2162 1443 extent
2207 1383 2392 1442 under
2431 1382 2628 1441 divine
2671 1384 2854 1442 domi-

1692 1467 1848 1536 nion,
1895 1464 2036 1525 such
2085 1485 2149 1524 as
2209 1465 2330 1542 city
2372 1472 2536 1541 gates
2576 1465 2692 1523 and
2734 1465 2855 1543 city

1691 1547 1865 1605 walls.

1771 1628 1886 1703 §9.
1954 1627 2174 1705 Things
2242 1627 2464 1704 subject
2530 1636 2592 1686 to
2656 1628 2853 1687 divine

1691 1708 1996 1768 dominion
2038 1730 2134 1768 are
2184 1716 2419 1785 exempt
2449 1708 2598 1768 from
2625 1710 2852 1785 private

1692 1790 2027 1863 dominion3
2071 1790 2270 1866 things
2297 1791 2519 1866 subject
2545 1796 2608 1849 to
2636 1790 2849 1850 human

1691 1871 1988 1930 dominion
2053 1893 2151 1930 are
2194 1872 2487 1949 generally
2529 1874 2748 1948 subject
2788 1881 2850 1932 to

1691 1953 1918 2030 private
1999 1953 2316 2027 dominion,
2383 1954 2491 2012 but
2573 1974 2708 2031 may
2779 1955 2851 2013 be

1690 2034 2032 2095 otherwise:
2090 2035 2183 2094 for
2234 2056 2309 2094 an
2358 2035 2714 2094 inheritance
2753 2036 2848 2094 be·

1691 2117 1814 2176 fore
1855 2137 1890 2175 a
1931 2136 2222 2176 successor
2261 2117 2311 2175 is
2351 2117 2706 2176 ascertained
2746 2117 2849 2176 has

1691 2219 1768 2258 no
1795 2199 1986 2258 actual
2015 2198 2357 2276 proprietor.

1772 2279 1925 2355 §lo
1974 2280 2193 2358 Things
2241 2280 2462 2357 subject
2517 2287 2580 2339 to
2631 2279 2845 2338 human

1690 2361 1992 2421 dominion
2032 2382 2130 2420 are
2171 2362 2356 2421 either
2393 2362 2591 2440 public
2624 2381 2692 2421 or
2728 2360 2846 2439 pri-

1688 2450 1835 2504 vate.

1773 2526 1925 2602 §11.
1991 2525 2215 2604 Things
2271 2525 2467 2603 public
2526 2525 2740 2603 belong
2783 2531 2845 2585 to

1686 2627 1764 2666 no
1806 2608 2145 2676 individuaL
2191 2609 2299 2667 but
2344 2615 2407 2666 to
2450 2627 2486 2666 a
2538 2607 2755 2686 society
2781 2628 2848 2665 or

1687 2690 2054 2767 corporation
2067 2711 2083 2764 3
2114 2688 2309 2766 things
2337 2690 2561 2766 private
2588 2708 2687 2748 are
2715 2689 2844 2748 sub·

1678 2771 1799 2849 ject
1825 2778 1888 2830 to
1917 2770 2242 2831 individua]
2270 2770 2585 2830 dominion,

1184 2946 1267 2987 DE
1308 2947 1509 2989 REBUS
1550 2946 2107 2990 INGORPORALIBUS.

533 3060 563 3136 ξ
597 3064 687 3120 12.
725 3060 1025 3133 Quaedam
1044 3072 1340 3139 praeterea
1365 3082 1454 3120 res
1489 3082 1609 3124 cor-

441 3142 675 3219 porales
700 3152 852 3214 sunt,
874 3143 1160 3219 quaedam
1182 3144 1580 3220 inomporales.

533 3224 688 3300 §13.
734 3222 1070 3299 Corporales
1108 3224 1216 3283 hae
1272 3237 1408 3284 eunt
1465 3246 1613 3303 quae

451 3308 622 3382 toenyi
658 3316 915 3381 possunt,
948 3307 1126 3365 veluti
1164 3306 1395 3378 fundus,
1418 3306 1609 3379 hom0,

448 3387 644 3458 vestis,
673 3407 904 3460 aurmn,
935 3398 1241 3466 arqentum
1278 3398 1330 3447 σε
1366 3389 1614 3467 denique

451 3468 594 3528 aliae
621 3489 714 3528 res
741 3468 1198 3529 innumerabiles.

535 3551 566 3626 ξ
630 3556 720 3610 14.
791 3551 1192 3629 Incorporales
1260 3563 1397 3610 eunt
1464 3571 1613 3628 quae

455 3632 618 3708 tanyi
661 3652 774 3691 non
800 3643 1090 3708 possunt:
1132 3634 1337 3711 qualia
1365 3645 1502 3692 sunt
1542 3654 1613 3691 ea

449 3733 597 3791 qaae
636 3714 707 3773 in
744 3714 874 3773 iure
913 3717 1247 3787 consistunt,
1278 3717 1427 3774 siout
1461 3714 1611 3773 here-

450 3796 622 3867 ditas,
652 3794 1038 3872 ususfructus,
1078 3796 1447 3874 obliyatio‘nes
1473 3816 1611 3872 quo-

449 3896 564 3954 quo
604 3877 771 3935 modo
810 3887 1151 3936 contractae.
1226 3898 1329 3936 neo
1369 3879 1455 3937 ad
1488 3898 1612 3936 rom

440 3962 705 4034 pertinet,
736 3959 889 4036 quod
916 3960 983 4016 in
1019 3960 1323 4018 hereditate
1361 3980 1452 4018 res
1487 3980 1610 4019 eor-

440 4042 675 4117 poraleo
717 4041 1110 4111 continentur,-
1137 4061 1280 4099 nam
1305 4050 1357 4099 et
1367 4041 1611 4118 fructus

447 4121 551 4198 qui
571 4120 846 4197 exfundo
858 4121 1278 4200 percipimur
1295 4125 1613 4200 corporales

446 4211 601 4275 emat,
625 4214 674 4262 et
703 4202 770 4262 id
792 4205 943 4281 quod
964 4224 1033 4262 ex
1051 4204 1253 4280 aliqua
1276 4203 1612 4280 obliqatione

448 4285 610 4342 nobis
653 4284 883 4343 debetur
921 4288 1262 4361 plenmnqm
1318 4289 1611 4364 corporale

446 4375 542 4435 est,
583 4364 760 4424 vehat·
789 4366 1047 4441 surdus,
1090 4369 1269 4439 homa,
1304 4369 1609 4443 pecunia·

446 4465 591 4503 nam
607 4446 804 4520 ipsum
818 4448 915 4506 ius
937 4448 1320 4521 successionis,
1339 4458 1392 4508 et
1412 4450 1611 4527 ipsum

445 4526 544 4585 ius
596 4527 791 4586 utendi
847 4529 1096 4603 fruendi,
1149 4541 1200 4589 et
1260 4531 1460 4609 ipsum
1511 4532 1611 4590 ius

1765 3062 1796 3138 ᾖ
1846 3066 1935 3121 12.
1999 3059 2209 3138 Again,
2251 3060 2451 3137 things
2506 3080 2606 3119 are
2661 3060 2846 3120 either

1685 3143 1981 3220 corporesl
2010 3163 2077 3201 or
2104 3142 2479 3220 incorporeal.

1767 3225 1797 3301 ξ
1833 3231 1924 3285 13.
1968 3225 2191 3302 Things
2238 3224 2530 3301 cerporeal
2577 3244 2675 3283 are
2717 3230 2842 3282 tan-

1684 3306 1857 3385 gible,
1878 3327 1942 3366 as
1961 3306 2117 3377 land,
2140 3326 2175 3364 a
2194 3307 2370 3376 slave,
2392 3305 2667 3383 clothing,
2688 3304 2843 3382 gold,

1686 3388 1877 3462 silver,
1906 3389 2023 3447 and
2050 3387 2450 3447 innumerable
2478 3386 2690 3448 others.

1766 3551 1797 3626 ξ
1830 3556 1921 3610 14.
1965 3550 2185 3629 Things
2225 3549 2584 3627 incorporeal
2627 3568 2725 3607 are
2756 3549 2843 3607 in-

1685 3633 1979 3710 tangib103
2023 3632 2229 3710 rights,
2266 3632 2359 3691 for
2398 3632 2674 3703 instance,
2704 3631 2847 3690 such

1685 3734 1749 3773 as
1796 3714 2171 3784 inheritance,
2202 3713 2479 3784 usufruct,
2510 3712 2846 3789 obligntion,

1684 3795 1955 3856 however
2013 3795 2362 3855 contracted.
2445 3793 2565 3853 For
2619 3793 2848 3872 though

1684 3897 1760 3936 an
1816 3878 2173 3937 inheritsnce
2235 3878 2445 3936 relates
2514 3883 2577 3935 to
2646 3875 2849 3951 things

1686 3960 1998 4036 corporeal,
2027 3960 2144 4018 and
2171 3958 2272 4020 the
2297 3958 2472 4017 fruits
2499 3957 2564 4016 of
2584 3958 2723 4016 land
2749 3977 2848 4016 en-

1676 4040 1852 4118 joyed
1892 4042 1971 4118 by
1999 4060 2035 4099 a
2075 4040 2482 4117 usufructum-y
2508 4059 2609 4098 are
2650 4057 2851 4115 corpo-

1684 4122 1819 4195 reel,
1840 4123 1954 4181 and
1983 4122 2332 4198 obligations
2355 4120 2651 4200 generally
2670 4120 2854 4179 relate

1683 4211 1748 4262 to
1816 4205 1918 4263 the
1973 4223 2330 4280 conveyance
2386 4202 2451 4262 of
2517 4201 2850 4279 something

1685 4286 2009 4363 corporeal:
2056 4285 2208 4358 land,
2238 4286 2439 4356 slaves,
2469 4303 2711 4360 money;
2751 4291 2850 4359 yet

1683 4367 1784 4426 the
1811 4368 1971 4445 right
1999 4366 2063 4426 of
2086 4366 2425 4438 succession,
2452 4365 2553 4425 the
2591 4365 2752 4442 right
2790 4365 2858 4422 of

1682 4449 2092 4526 usufructuary
2145 4449 2495 4526 enjoyrnent,
2552 4447 2668 4506 and
2745 4445 2847 4505 the

1683 4530 1842 4607 right
1881 4530 1948 4590 of
1976 4529 2078 4590 the
2119 4534 2465 4601 contractor,
2516 4548 2615 4588 are
2659 4528 2844 4586 inoor-
