3197 5016
1102 1116 1865 1200 APPENDIX.

381 1405 525 1468 Tun
554 1401 881 1485 following
912 1400 1022 1464 list
1051 1398 1123 1463 of
1141 1420 1436 1483 passages
1480 1399 1686 1463 shows
1727 1400 1836 1464 the
1879 1403 2099 1464 extent
2128 1402 2195 1462 to
2227 1398 2434 1463 which
2464 1399 2501 1461 I
2533 1399 2691 1464 have

290 1507 586 1573 deviated
614 1506 775 1569 from
805 1504 914 1567 the
944 1507 1080 1567 text
1109 1502 1181 1565 of
1203 1501 1400 1565 Gaius
1429 1525 1499 1566 as
1527 1502 1861 1586 published
1889 1503 1978 1586 by
2009 1501 2257 1566 Gneist.

387 1613 420 1674 1
458 1612 494 1695 ᾧ
528 1611 673 1674 123.
724 1618 738 1643 ‘
761 1609 834 1671 Si
877 1612 1091 1671 tamen
1133 1610 1389 1689 quaerat
1433 1605 1673 1690 aliquis,
1712 1626 1902 1689 quare
1945 1626 1985 1669 a
2027 1605 2411 1689 coemptione
2453 1607 2693 1692 differat

291 1711 691 1796 marco-ipati&
714 1711 769 1774 is
796 1711 905 1774 the
935 1710 1203 1792 reading
1224 1709 1297 1772 of
1320 1708 1640 1772 Rossbach
1663 1707 1759 1772 for
1784 1716 1803 1746 ‘
1824 1709 1896 1771 Si
1927 1712 2140 1771 tamen
2161 1714 2421 1792 quaerat
2448 1709 2687 1796 aliquis,

291 1838 481 1901 quare
512 1817 671 1879 citra
699 1812 1137 1897 coemptionem
1145 1811 1421 1895 feminae
1451 1812 1630 1874 etiam
1660 1809 2108 1893 mancipentur?

386 1922 419 1983 1
456 1923 491 2005 ᾧ
525 1922 671 1983 134.
715 1926 730 1954 ‘
752 1923 864 1980 aut
907 1938 1026 1978 non
1069 1913 1535 1998 remancipatur
1576 1913 1746 1997 patri
1782 1915 1888 1976 sed
1922 1913 1979 1976 ei
2017 1913 2122 1998 qui
2164 1914 2412 1996 adoptat
2451 1914 2518 1977 in
2542 1915 2693 1997 jure

291 2024 524 2086 ceditur
552 2022 623 2084 ab
653 2042 716 2084 eo
746 2021 909 2101 apud
943 2039 1111 2103 quem
1152 2017 1218 2079 in
1261 2018 1438 2080 tertia
1477 2016 1938 2099 mancipatione
1982 2015 2118 2094 est‚'
2147 2017 2202 2080 is
2246 2015 2693 2100 substantially

294 2127 405 2190 the
449 2125 803 2208 conjecture
848 2121 920 2185 of
957 2119 1220 2185 Scheurl
1264 2119 1363 2184 for
1393 2126 1413 2155 ‘
1432 2123 1544 2182 aut
1578 2120 1722 2202 jure
1766 2119 2164 2202 mancipatur
2204 2120 2372 2203 patri
2415 2120 2694 2201 adoptivo

293 2228 631 2291 vindicanti
656 2226 868 2310 filium
910 2224 983 2287 ab
1028 2244 1092 2287 eo
1135 2223 1302 2303 apud
1341 2242 1507 2307 quem
1550 2222 1606 2284 is
1652 2221 1832 2285 tertia
1876 2221 2339 2305 mancipatione
2383 2221 2521 2300 est,'
2565 2222 2694 2285 and

293 2331 455 2395 later
497 2331 567 2393 in
611 2329 721 2392 the
765 2348 935 2391 same
978 2326 1333 2411 paragraph
1363 2333 1377 2361 ‘
1398 2328 1512 2388 aut
1553 2347 1673 2387 non
1717 2325 2225 2410 remancipantur
2243 2324 2260 2355 ’
2306 2325 2360 2388 is
2403 2325 2499 2390 for
2544 2336 2561 2363 ⁶
2579 2331 2694 2389 aut

284 2435 428 2520 jure
456 2428 937 2516 mancipantur.’

386 2540 419 2601 1
470 2540 506 2621 ᾧ
552 2537 700 2600 136.
754 2535 919 2598 ‘Eae
962 2555 1095 2597 vero
1136 2530 1413 2594 mulieres
1455 2553 1606 2615 quae
1649 2531 1716 2594 in
1759 2553 1994 2595 manum
2038 2534 2393 2596 conveniunt
2431 2554 2549 2615 per
2596 2554 2690 2596 co-

294 2638 678 2721 emptionem,’
708 2638 764 2701 is
796 2638 905 2701 the
936 2635 1201 2718 reading
1244 2632 1317 2698 of
1341 2633 1649 2698 Huschke
1677 2634 1775 2698 for
1806 2642 1826 2673 ‘
1845 2635 1963 2698 Sed
1987 2636 2262 2699 mulieres
2289 2657 2439 2721 quae
2466 2658 2689 2718 coemp-

296 2744 511 2807 tionem
520 2744 808 2827 fecerunt
823 2761 941 2823 per
969 2736 1498 2820 mancipatimaem.’

381 2848 423 2910 2
466 2847 502 2930 ᾧ
551 2848 693 2909 155.
743 2852 758 2881 ‘
780 2842 977 2908 Velut
1035 2842 1089 2906 si
1133 2863 1207 2905 em
1248 2863 1312 2904 eo
1356 2842 1515 2925 quod
1556 2839 1830 2905 Latinus
1888 2841 2281 2926 adquisierit,
2325 2841 2694 2925 locupletior

295 2949 497 3013 factus
540 2946 664 3025 sit,’
694 2947 751 3011 is
793 2947 903 3010 the
947 2946 1299 3030 conjecture
1344 2943 1418 3007 of
1455 2943 1745 3029 Savigny
1774 2944 1874 3008 for
1904 2953 1919 2981 ‘
1940 2945 2139 3009 Velut
2184 2945 2238 3008 si
2269 2944 2537 3009 Latinus
2580 2947 2690 3009 ad-

296 3052 600 3135 quisierit,
632 3049 998 3132 locupletior
1025 3048 1229 3113 factus
1260 3046 1390 3111 sit!

382 3156 423 3217 2
459 3156 494 3238 ᾧ
524 3154 671 3216 235.
721 3162 735 3187 ‘
757 3151 863 3214 sed
909 3156 975 3214 et
1024 3148 1109 3238 [si
1152 3146 1313 3235 quis]
1365 3149 1421 3212 si
1464 3148 1645 3212 heres
1688 3148 1864 3212 verbi
1908 3148 2117 3233 gratia
2160 3149 2330 3212 intra
2370 3147 2693 3213 biennium

295 3259 775 3319 monumentum
819 3253 938 3316 sibi
984 3273 1115 3315 non
1156 3251 1391 3328 fecerit,
1425 3273 1468 3312 x
1497 3250 1669 3314 Titio
1699 3251 1837 3314 dari
1858 3251 2137 3334 jusserit,
2167 3273 2402 3335 poenae
2439 3251 2692 3316 nomine

294 3358 577 3442 legatum
606 3355 741 3433 est,’
766 3356 821 3419 is
849 3355 957 3419 the
988 3354 1341 3437 conjecture
1370 3353 1443 3417 of
1459 3352 1784 3417 Goeschen
1812 3353 1909 3417 for
1941 3363 1957 3390 ‘
1979 3353 2088 3418 sed
2117 3360 2185 3419 et
2216 3354 2271 3417 si
2299 3353 2520 3433 heres‚'
2551 3356 2661 3419 διο.

380 3462 421 3524 3
457 3461 492 3545 ᾧ
527 3462 630 3524 79.
678 3457 771 3522 ‘si
799 3479 947 3522 vero
991 3456 1225 3521 mortui
1239 3478 1358 3538 per
1383 3457 1517 3520 dies
1561 3476 1666 3519 xv.
1697 3462 1914 3541 postea
1946 3456 2132 3541 jubet
2176 3458 2511 3522 convenire
2555 3481 2693 3522 cre-

298 3560 569 3640 ditores}
601 3562 657 3624 is
686 3561 795 3625 the
825 3560 1086 3644 reading
1117 3559 1188 3624 of
1213 3558 1520 3623 Huschke
1548 3558 1647 3623 for
1689 3567 1703 3595 ‘
1726 3559 1781 3624 si
1809 3581 1954 3623 vero
1984 3561 2237 3638 mortui,
2268 3568 2413 3645 post
2441 3561 2572 3625 dies
2607 3580 2695 3624 xv

297 3671 515 3749 postea
548 3665 735 3749 jubet
778 3662 1110 3728 convenire
1152 3662 1530 3727 creditores.'
1617 3661 1768 3727 And
1809 3663 1970 3727 later
2014 3664 2079 3727 in
2130 3663 2242 3727 the
2293 3686 2461 3727 same
2512 3687 2693 3747 para-

296 3767 501 3851 graph
534 3767 782 3852 ‘itaque
826 3766 881 3829 si
911 3766 1044 3829 vivi
1085 3764 1252 3830 bona
1274 3772 1576 3844 veneant,
1608 3766 1678 3829 in
1720 3765 1942 3830 diebus
1968 3789 2011 3829 a·
2042 3768 2220 3849 leqem
2251 3767 2524 3830 bonorum
2554 3789 2692 3830 ven-

297 3872 613 3934 dendorum
624 3870 773 3954 fieri
792 3869 995 3954 jubet,
1029 3869 1080 3932 si
1110 3869 1364 3946 mortui,
1396 3869 1464 3932 in
1494 3871 1699 3933 diebus
1727 3894 1782 3934 v.
1813 3894 1852 3934 a
1881 3871 2091 3955 quibus
2122 3872 2354 3934 tandem
2373 3870 2505 3934 vivi
2531 3872 2695 3934 bona

296 3974 392 4036 die
435 3992 540 4049 xx,
573 3971 809 4036 mortui
837 3993 985 4036 vero
1028 3972 1128 4036 die
1169 3991 1213 4034 x
1257 3973 1526 4055 emptori
1569 3974 1773 4038 addici
1810 3974 2038 4058 jubet,'
2068 3973 2125 4037 is
2167 3973 2278 4037 the
2322 3974 2586 4058 reading
2630 3973 2703 4038 of

301 4074 604 4140 Huschke
646 4075 743 4140 for
773 4073 1026 4160 ‘itaque
1070 4075 1124 4139 si
1154 4074 1287 4139 vivi
1328 4075 1495 4139 bona
1524 4082 1797 4141 veneant
1838 4077 1909 4141 in
1952 4075 2173 4141 diebus
2187 4076 2473 4159 pluribus
2501 4077 2694 4140 veniri

290 4178 492 4262 jubet,
523 4178 577 4242 si
619 4178 876 4256 mortui,
907 4178 978 4242 in
1015 4178 1217 4242 diebus
1229 4178 1620 4261 paucioribus
1636 4205 1665 4254 ;
1711 4203 1847 4244 nam
1891 4179 2023 4245 vivi
2067 4181 2232 4245 bona
2275 4200 2425 4260 xxx,
2457 4182 2691 4245 mortui

298 4303 442 4345 vero
473 4301 560 4343 xx
591 4284 857 4365 emptori
890 4281 1097 4344 addici
1119 4280 1345 4366 jubet.'

380 4387 425 4446 4
469 4387 503 4469 ᾧ
546 4387 649 4448 48.
699 4394 715 4421 ‘
743 4381 947 4472 [sed]‚’
992 4384 1195 4448 which
1258 4385 1494 4448 several
1553 4383 1765 4448 critice
1817 4407 2077 4469 propose
2119 4390 2189 4449 to
2234 4385 2434 4450 insert
2481 4385 2692 4452 before

303 4494 316 4521 ‘
337 4487 700 4566 aestimata‚’
734 4489 784 4552 is
815 4487 1085 4552 omitted
1112 4488 1197 4572 by
1233 4488 1481 4551 Gneist.

1428 4611 1465 4653 x
1500 4614 1542 4653 x
