3197 5016
378 277 472 317 m.
505 259 563 337 ἐξ
593 255 882 340 97-109.]
970 260 1079 318 DE
1122 258 1618 320 INUTILIBUS
1662 259 2437 322 STIPULATIONIBUS.

381 444 489 502 sub
517 443 850 503 condicione
877 443 1204 520 promittas,

464 606 494 682 ξ
530 611 659 666 103.
705 607 1010 664 Praeterea
1044 605 1271 665 inutilis
1310 610 1399 665 est
1439 605 1546 665 sti-

382 687 623 782 pulatio‚
652 688 701 746 si
737 687 792 746 ei
827 688 957 746 dari
991 688 1340 764 stipulamur
1377 686 1543 745 cuius

384 768 500 826 iuri
526 768 773 828 subiecti
801 789 916 827 non
944 787 1177 827 sumus:
1219 770 1375 827 unde
1396 768 1542 827 illud

384 848 707 927 quaesitum
762 855 867 919 est,
917 851 969 908 si
1022 850 1152 927 quis
1206 850 1318 909 sibi
1374 856 1433 909 et
1487 848 1543 907 ei

383 931 549 989 cuius
596 930 714 989 iuri
768 931 1057 991 subiectus
1110 950 1229 989 non
1276 938 1365 990 est
1414 929 1542 989 dari

382 1010 712 1089 stipuletur,
755 1012 813 1069 in
863 1020 1147 1106 quantum
1198 1012 1390 1071 valeat
1436 1013 1540 1070 sti·

384 1093 624 1169 pulatio.
696 1093 882 1151 nostri
908 1101 1307 1171 praeceptores
1333 1098 1543 1169 putant

382 1175 447 1231 in
488 1175 822 1233 universum
859 1175 1066 1247 valere,
1103 1181 1163 1234 et
1202 1174 1445 1252 proinde
1486 1173 1542 1233 ei

383 1256 494 1314 soli
535 1256 639 1333 qui
678 1256 995 1333 stipulatus
1036 1257 1115 1315 sit
1154 1256 1403 1315 solidum
1444 1255 1542 1315 de-

384 1337 531 1408 beri,
570 1344 742 1414 atque
785 1338 834 1395 si
874 1338 1135 1397 extranei
1174 1357 1385 1396 nomen
1424 1356 1543 1395 non

384 1418 701 1477 adiecisset.
745 1418 847 1477 sed
873 1418 1131 1478 diversae
1156 1419 1381 1479 scholae
1409 1437 1542 1477 auc-

383 1504 541 1558 tores
568 1500 888 1558 dimidium
913 1501 965 1558 ei
983 1500 1171 1559 deber-i
1190 1499 1540 1572 existimant,

389 1600 498 1657 pro
525 1580 712 1639 aliena
741 1626 754 1638 .
789 1627 802 1639 .
835 1626 848 1639 .
884 1578 1115 1660 [desunt
1146 1586 1183 1639 4
1213 1579 1348 1662 cim]

466 1662 496 1738 ξ
530 1668 664 1721 104.
708 1662 751 1720 I
748 1672 858 1721 tem
874 1665 1109 1721 inutilis
1123 1672 1203 1721 est
1223 1662 1539 1740 stipulatiO,

384 1742 440 1802 si
467 1743 542 1801 ab
574 1763 632 1801 eo
672 1746 916 1820 stipuler
945 1748 1049 1822 qui
1086 1744 1213 1803 iuri
1246 1765 1366 1804 meo
1400 1745 1540 1803 sub-

386 1824 562 1882 iectus
594 1831 696 1895 est,
727 1827 812 1883 vel
848 1828 902 1883 si
934 1826 984 1884 is
1017 1846 1053 1884 a
1086 1846 1179 1884 me
1216 1826 1537 1905 stipulatum.

384 1906 484 1963 sed
502 1907 569 1963 de
589 1909 763 1964 servis
782 1909 834 1965 et
852 1907 921 1965 de
941 1907 1033 1965 his
1050 1908 1233 1982 quiin
1254 1908 1542 1985 mancipio

384 1997 526 2045 sunt
558 1986 710 2046 illud
734 1999 1033 2065 praeterea
1067 1989 1166 2046 ius
1197 1991 1538 2061 observatur,

385 2079 451 2125 ut
480 2088 596 2126 non
625 2068 815 2128 solum
842 2069 954 2146 ipsi
982 2070 1151 2129 cuius
1183 2072 1252 2128 in
1268 2082 1541 2148 potestate

384 2150 743 2225 nmncipiove
788 2159 925 2210 sunt
965 2151 1212 2227 obligari
1254 2172 1372 2211 non
1410 2173 1541 2231 pos·

384 2234 521 2297 sint,
551 2231 653 2289 sed
680 2251 752 2290 ne
781 2232 881 2290 alii
910 2232 1145 2309 quidem
1170 2233 1296 2292 ulli.

466 2311 496 2387 ἕ
532 2317 662 2372 105.
720 2313 952 2372 Mutum
1020 2333 1206 2390 neque
1274 2314 1541 2391 stipulari

383 2412 572 2469 neque
618 2394 959 2470 promittere
998 2414 1166 2471 posse
1206 2395 1396 2472 palam
1442 2408 1539 2457 est.

390 2474 560 2547 Quod
613 2486 663 2534 et
716 2475 779 2534 in
836 2475 1012 2536 surdo
1066 2484 1362 2555 receptum
1415 2486 1536 2538 est:

386 2555 525 2633 quia
559 2564 618 2615 et
644 2557 694 2614 is
721 2558 825 2636 qui
856 2557 1177 2635 stipulatur
1202 2560 1381 2618 verba
1407 2579 1539 2636 pro·

383 2636 689 2708 mittentis,
740 2644 801 2698 et
854 2640 956 2717 qui
1008 2639 1321 2715 promittit,
1374 2643 1541 2701 verba

379 2719 721 2797 astipulantia
749 2720 1024 2779 exaudire
1048 2721 1237 2781 debet.

464 2800 497 2875 ξ
532 2806 664 2861 106.
694 2802 973 2861 Furiosus
1001 2802 1223 2862 nullum
1250 2803 1542 2880 neyotium

379 2903 572 2958 yso-ere
616 2895 816 2958 potest,
871 2884 1010 2961 quia
1075 2902 1194 2943 non
1252 2884 1542 2964 intellegit

382 2964 526 3042 quid
555 2970 705 3041 agat.

471 3045 501 3120 ᾗ
536 3050 667 3105 107.
712 3045 975 3122 Pupillus
1021 3067 1191 3107 omne
1242 3047 1537 3124 negotium

376 3134 539 3186 recte
574 3127 765 3204 gerit:
809 3129 894 3187 ita
924 3134 1120 3188 tamen
1155 3134 1225 3188 ut
1261 3139 1431 3202 tactor,
1466 3129 1542 3188 si-

381 3207 520 3267 cubi
586 3208 799 3268 tutoris
853 3211 1170 3270 auctoritas
1227 3211 1541 3269 necessaria

382 3290 481 3362 sit,
523 3290 883 3362 adhibeatur,
927 3292 1091 3352 velut
1131 3292 1182 3352 si
1225 3292 1349 3370 ipse
1396 3291 1539 3350 obli-

383 3378 596 3448 getur;
652 3392 789 3431 nam
854 3372 1036 3431 alium
1106 3374 1219 3432 sibi
1286 3373 1542 3450 obligare

382 3451 565 3510 etiam
585 3452 709 3512 sine
730 3454 943 3513 tutoris
964 3454 1309 3514 auctoritate
1330 3462 1539 3530 potest.

466 3533 497 3608 ξ
530 3539 659 3594 108.
706 3534 875 3594 Idem
908 3534 1055 3594 iuris
1090 3542 1178 3596 est
1212 3535 1275 3594 in
1312 3535 1542 3594 feminis

384 3634 535 3692 quae
560 3614 624 3672 in
652 3616 837 3675 tutela
864 3623 1016 3675 sunt.

466 3695 497 3770 ξ
532 3701 663 3755 109.
708 3697 827 3756 Sed
852 3698 1008 3775 quod
1037 3696 1293 3757 diximus
1328 3697 1400 3757 de
1437 3718 1541 3775 pu·

383 3776 556 3854 pillis,
599 3778 801 3855 utique
839 3780 910 3837 de
952 3799 1019 3838 eo
1065 3799 1267 3838 verum
1313 3786 1402 3838 est
1439 3779 1542 3856 qui

385 3859 506 3916 iam
575 3859 825 3935 aliquem
892 3859 1252 3920 intellectum
1328 3860 1538 3920 habet:

385 3959 523 3998 nam
549 3940 741 3999 infans
768 3947 829 4000 et
860 3942 963 4017 qui
994 3942 1204 4001 infanti
1240 3943 1542 4020 proximus

385 4025 475 4078 est
518 4041 636 4080 non
683 4022 932 4081 multum
980 4044 1016 4082 a
1041 4024 1282 4099 suu-iuso
1330 4024 1538 4095 differt,

384 4102 526 4179 quia
577 4101 752 4164 huius
797 4103 1006 4163 aetatis
1051 4104 1261 4182 pupilli
1312 4105 1541 4163 nullum

383 4183 744 4243 intellectum
782 4183 1034 4245 habent:
1078 4186 1179 4244 sed
1214 4186 1276 4243 in
1311 4186 1403 4244 his
1436 4206 1541 4262 pu-

381 4265 539 4343 pillis
566 4285 671 4342 per
706 4264 1026 4325 utilitatem
1057 4267 1362 4345 benignior
1397 4267 1542 4327 iuris

382 4347 790 4425 interpretatio
818 4347 968 4408 facta
996 4356 1099 4408 est.

2666 264 2778 320 381

1623 446 1748 505 lute
1812 445 2158 523 stipulation
2214 445 2290 522 by
2343 466 2379 504 a
2433 444 2786 507 conditional

1624 546 1892 603 promise.

1702 607 1732 684 ξ
1767 613 1898 668 103.
1943 608 2042 667 No
2090 605 2247 666 valid
2291 607 2631 685 stipulation
2673 628 2780 667 can

1618 689 1690 748 be
1719 690 1885 748 made
1914 694 1979 749 to
2011 709 2231 766 convey
2255 695 2318 747 to
2348 709 2382 747 a
2407 709 2617 767 person
2652 690 2783 749 who

1618 770 1722 829 has
1757 775 1864 829 not
1902 790 2099 848 power
2134 789 2274 829 over
2311 770 2411 830 the
2451 771 2782 848 stipulator,

1618 852 1854 911 whence
1933 850 2034 910 the
2118 850 2389 929 question
2463 851 2570 911 has
2635 852 2782 911 been

1618 933 1851 993 mooted
1875 938 1940 993 to
1959 932 2116 993 what
2144 939 2343 992 extent
2372 952 2410 991 a
2434 933 2783 1009 stipulation

1619 1015 1710 1074 for
1734 1021 2012 1092 payment
2037 1021 2100 1074 to
2125 1014 2228 1073 the
2254 1014 2568 1091 stipulator
2594 1015 2710 1073 and
2744 1035 2783 1073 a

1619 1102 1885 1172 stranger
1925 1095 1976 1153 is
2015 1095 2190 1154 valid.
2273 1094 2377 1172 My
2404 1095 2601 1154 school
2641 1096 2781 1154 hold

1618 1177 1752 1236 that
1787 1179 1837 1235 it
1869 1176 1921 1235 is
1960 1176 2121 1237 valid
2156 1176 2249 1234 for
2287 1177 2386 1235 the
2422 1177 2608 1236 whole
2647 1196 2780 1236 sum

1619 1259 1696 1317 sti
1698 1258 1951 1336 pulated,
1990 1257 2107 1317 and
2154 1257 2283 1316 that
2325 1257 2426 1316 the
2466 1258 2780 1336 stipulator

1617 1340 1669 1399 is
1711 1339 1957 1399 entitled
1991 1346 2057 1398 to
2093 1338 2194 1398 the
2233 1338 2433 1411 whole,
2466 1339 2596 1416 just
2634 1359 2699 1398 as
2736 1339 2788 1398 if

1620 1421 1723 1481 the
1776 1428 2041 1496 sti-anger
2092 1419 2208 1478 had
2262 1423 2367 1477 not
2419 1420 2567 1478 been
2620 1440 2780 1479 men-

1616 1502 1830 1562 tioned.
1916 1501 2041 1561 The
2068 1501 2237 1560 other
2262 1499 2456 1560 school
2482 1501 2618 1560 hold
2647 1503 2781 1563 that

1619 1583 1690 1643 he
1716 1584 1767 1641 is
1793 1583 1929 1659 only
1955 1581 2198 1641 entitled
2225 1589 2287 1641 to
2315 1582 2416 1641 the
2444 1582 2678 1659 moiety.

1698 1664 1728 1741 ξ
1763 1670 1892 1724 104.
1939 1664 2035 1724 No
2081 1662 2240 1722 valid
2286 1662 2628 1739 stipulation
2670 1683 2778 1722 can
2849 1705 2854 1709 ·

1617 1746 1689 1806 be
1738 1746 1906 1804 made
1953 1745 2215 1805 between
2257 1764 2295 1803 a
2340 1763 2548 1821 person
2594 1746 2781 1804 under

1617 1846 1812 1903 power
1838 1828 1953 1886 and
1988 1826 2089 1884 the
2125 1845 2336 1901 person
2371 1832 2436 1883 to
2477 1825 2664 1884 whom
2700 1825 2776 1885 he

1616 1908 1669 1966 is
1697 1908 1932 1984 subject.
2005 1906 2064 1967 A
2089 1907 2247 1965 slave
2274 1905 2390 1966 and
2417 1925 2453 1964 a
2480 1926 2688 1982 person
2712 1907 2776 1965 in

1617 1989 2013 2066 mancipation
2040 2007 2147 2047 can
2174 1987 2344 2046 incur
2362 2007 2438 2046 an
2458 1987 2776 2065 obligation

1617 2071 1847 2130 neither
1912 2077 1975 2129 to
2027 2069 2129 2129 the
2182 2088 2391 2146 person
2458 2068 2522 2126 in
2584 2070 2779 2130 whose

1616 2172 1815 2229 power
1839 2172 1907 2211 or
1931 2150 2327 2227 mancipation
2358 2150 2498 2227 they
2524 2170 2638 2225 are,
2667 2170 2776 2209 nor

1614 2238 1678 2293 to
1705 2253 1821 2309 any
1846 2232 2015 2293 other
2039 2250 2265 2310 person.

1695 2313 1890 2389 9105.
1935 2314 2062 2374 The
2104 2313 2285 2372 dumb
2329 2319 2543 2373 cannot
2584 2313 2770 2390 stipu-

1615 2395 1730 2455 late
1775 2415 1843 2453 or
1886 2395 2150 2471 promise,
2180 2414 2289 2453 nor
2332 2414 2438 2453 can
2479 2395 2582 2453 the
2625 2395 2771 2468 deas,

1613 2478 1706 2537 for
1732 2476 1832 2536 the
1859 2479 2143 2555 promisee
2169 2476 2231 2535 in
2260 2476 2600 2554 stipulation
2617 2484 2776 2537 must

1614 2559 1755 2618 hear
1789 2558 1892 2618 the
1921 2578 2158 2631 answer‚
2195 2558 2311 2617 and
2348 2558 2451 2618 the
2485 2558 2775 2636 promisor

1616 2647 1772 2700 must
1799 2641 1940 2701 hear
1965 2640 2065 2700 the
2092 2640 2372 2718 question.

1697 2804 1895 2879 §106.
1950 2800 2014 2862 A
2066 2803 2291 2864 lunatic
2341 2808 2558 2863 cannot
2608 2809 2775 2863 enter

1616 2884 1740 2943 into
1767 2906 1883 2963 any
1909 2892 2167 2944 contract
2192 2885 2432 2945 because
2457 2885 2533 2945 he
2559 2884 2664 2945 has
2696 2905 2775 2944 no

1608 2966 1917 3044 judgment
1943 2967 2011 3025 of
2031 2985 2459 3044 consequences.

1700 3048 1730 3124 ξ
1780 3053 1911 3108 107.
1953 3049 2013 3105 Α
2055 3048 2214 3106 ward
2270 3067 2376 3105 can
2430 3051 2592 3105 enter
2644 3046 2774 3106 into

1614 3147 1730 3204 any
1756 3134 2017 3188 contract
2059 3128 2342 3204 provided
2385 3127 2511 3186 that
2550 3127 2624 3186 he
2666 3128 2772 3188 has

1613 3209 1706 3267 his
1753 3208 2049 3285 guardian’
2051 3230 2079 3267 s
2126 3207 2427 3285 authority
2462 3206 2632 3266 when
2672 3228 2772 3267 ne-

1616 3310 1854 3367 cessary,
1900 3311 1963 3350 as
2009 3290 2059 3348 it
2104 3289 2155 3349 is
2207 3290 2298 3348 for
2349 3289 2654 3367 incurring
2694 3309 2773 3348 an

1616 3372 1950 3449 obligation,
2006 3370 2283 3448 although
2337 3376 2441 3430 not
2503 3370 2594 3429 for
2661 3370 2771 3429 im-

1616 3453 1823 3530 posing
1847 3473 1924 3512 an
1951 3451 2283 3530 obligation.

1697 3535 1727 3610 ξ
1762 3540 1891 3594 108.
1936 3533 2064 3593 The
2100 3553 2257 3592 same
2287 3533 2413 3592 rule
2448 3531 2669 3610 applies
2706 3536 2772 3593 to

1615 3635 1839 3676 women
1867 3616 1996 3675 who
2023 3635 2122 3674 are
2141 3613 2341 3674 wards.

1696 3698 1891 3773 §109.
1935 3696 2075 3755 This
2130 3695 2451 3754 concession
2507 3695 2575 3753 of
2621 3694 2772 3773 legal

1616 3787 1877 3955 32320112?
1892 3783 1965 3917 ἐς
1993 3776 2628 3936 {efflasse
2649 3796 2772 3935 τῇ

1616 3942 1934 4095 ξῗΐῖἑῖῗ
1958 3941 2101 4081 ..ΞἏΘ
2123 3939 2399 4081 ..1ῗέΞὲ
2435 3940 2775 4080 ζῖἶιγὶὲἒ

1618 4103 1756 4179 only
1787 4105 1916 4181 just
1961 4103 2288 4180 completed
2330 4101 2482 4161 their
2529 4104 2772 4161 seventh

1616 4204 1771 4262 year,
1800 4184 2024 4263 though
2054 4183 2403 4262 resembling
2431 4183 2678 4243 lunatice
2711 4184 2774 4244 in

1616 4273 1774 4324 want
1806 4266 1871 4325 of
1895 4266 2275 4342 intelligence,
2312 4284 2411 4323 are
2443 4265 2773 4343 permitted,

1618 4347 1762 4406 with
1807 4367 1842 4405 a
1885 4349 2032 4406 view
2077 4353 2141 4406 to
2187 4345 2342 4406 their
2383 4346 2668 4419 interests,
2709 4355 2774 4408 to

1617 4428 1765 4487 have
1819 4428 1920 4488 the
1974 4450 2129 4488 same
2184 4428 2441 4505 capacity
2488 4449 2552 4488 as
2608 4430 2771 4490 those

1619 4511 2016 4590 approaching
2041 4510 2249 4571 twelve
2276 4530 2344 4569 or
2368 4510 2646 4572 fourteen.
