3197 5016
472 249 604 306 ,562
1335 247 1445 305 DE
1486 247 2008 309 AOTIONIBUS.

568 669 598 744 ξ
643 673 737 729 95.
796 667 1068 730 Ceterum
1108 671 1160 730 si
1200 679 1346 748 aput
1386 680 1645 731 centum·

486 750 643 809 viros
703 749 915 826 agitur,
972 771 1256 811 summam
1319 753 1647 830 sponsionis

475 850 602 891 .non
628 851 735 907 per
760 831 1064 890 formulam
1105 834 1373 911 petimus,
1402 836 1503 893 sed
1542 856 1648 912 per

485 910 633 987 legis
685 911 1003 972 actionem:
1079 922 1436 974 sacramento
1488 916 1647 975 enim

485 1011 654 1050 reum
705 1011 1118 1068 provocamus3
1182 1015 1361 1072 eaque
1414 996 1647 1072 sponsio

486 1072 881 1131 sestertiorum
931 1091 1095 1133 cxxv
1143 1096 1512 1135 nummorum
1559 1076 1644 1149 fit,

486 1153 699 1212 sossioet
726 1159 965 1229 propter
992 1156 1265 1232 legem..

569 1233 599 1308 ξ
628 1237 725 1293 96.
766 1235 900 1311 Ipse
927 1243 1122 1295 autem
1151 1238 1252 1315 qui
1274 1238 1337 1296 in
1356 1258 1479 1297 rem
1499 1237 1640 1315 agit,

486 1313 540 1374 si
567 1333 672 1373 suo
700 1315 931 1375 nomine
957 1317 1096 1394 agit,
1125 1319 1264 1378 satis
1291 1338 1408 1377 non
1434 1320 1553 1378 dat.

568 1478 723 1551 §9¹7.
764 1475 853 1535 Ac
897 1496 1001 1535 nec
1048 1478 1100 1537 si
1147 1500 1253 1555 per
1295 1479 1648 1556 cognitorem

484 1556 724 1634 quidem
769 1561 997 1634 agatwr,
1038 1560 1162 1619 ulla
1206 1560 1506 1619 satisdatio
1555 1562 1649 1620 vel

483 1638 560 1697 ab
608 1638 733 1714 ipso
776 1637 867 1695 vel
916 1658 952 1695 a
994 1637 1229 1699 domino
1272 1641 1646 1701 desideratur.

486 1738 621 1777 cum
654 1718 808 1776 enirn
849 1718 1021 1777 certis
1054 1728 1113 1781 et
1152 1722 1315 1798 quasi
1354 1722 1645 1781 sollemni-

486 1800 596 1858 bus
624 1799 815 1857 verbis
848 1798 910 1856 in
949 1799 1135 1860 locum
1177 1803 1395 1860 domini
1431 1803 1646 1861 substi-

485 1886 691 1938 tuatur
717 1877 996 1957 cognitor,
1025 1882 1233 1942 merito
1269 1883 1493 1943 domini
1520 1884 1647 1942 loco

482 1961 751 2020 habetur.

566 2042 597 2115 ξ
655 2045 750 2101 98.
816 2043 1161 2102 Procurator
1207 2064 1345 2104 vero
1391 2044 1442 2104 si
1489 2053 1645 2120 agat,

484 2123 766 2181 satisdare
806 2124 1041 2182 iubetur
1071 2130 1258 2183 ratam
1299 2145 1423 2184 rem
1462 2125 1646 2183 domi-

485 2223 627 2261 num
681 2203 1057 2264 habiturum:
1122 2206 1444 2282 periculum
1492 2206 1647 2264 enim

486 2294 584 2355 est,
614 2304 688 2343 ne
722 2285 934 2344 iterum
962 2285 1232 2345 dominus
1260 2288 1332 2345 de
1359 2287 1556 2346 eadem
1582 2306 1648 2346 re

485 2365 835 2442 experiatur.
938 2367 1096 2441 quod
1150 2367 1472 2443 periculum
1525 2389 1648 2427 ‘non

487 2446 819 2519 intervenit,
848 2446 898 2505 si
938 2465 1045 2523 per
1071 2448 1421 2526 cognitorem
1453 2457 1649 2508 aetum

485 2527 633 2599 fuit;
698 2527 836 2605 quia
883 2528 955 2587 ds
999 2548 1112 2604 qua
1152 2549 1214 2587 re
1261 2530 1506 2607 quisque
1545 2551 1653 2608 per

485 2607 842 2683 cognitorem
885 2609 1082 2685 egerit,
1111 2609 1183 2668 de
1219 2630 1286 2669 ea
1320 2631 1438 2669 non
1466 2612 1651 2689 magis

485 2687 737 2764 amplius
795 2689 1079 2748 actionem
1139 2690 1314 2751 habet
1367 2711 1542 2768 quam
1598 2692 1650 2751 si

488 2768 616 2845 ipse
644 2769 843 2843 egerit.

569 2850 599 2925 ξ
650 2854 745 2908 99.
814 2849 1060 2909 Tutores
1115 2858 1175 2909 et
1229 2858 1523 2911 curatores
1579 2873 1649 2912 eo

488 2930 663 2991 modo
696 2950 811 3008 quo
847 2939 907 2991 et
943 2944 1337 3007 procuratores
1373 2934 1650 2993 satisdare

488 3011 698 3070 debere
751 3011 928 3071 verba
979 3010 1154 3072 edicti
1210 3013 1447 3073 faciunt.
1547 3017 1649 3074 sed

489 3092 802 3169 aliquando
823 3093 939 3151 illis
965 3092 1265 3153 satisdatio
1285 3095 1628 3156 remittitur.

570 3174 601 3250 ξ
636 3179 765 3233 100.
810 3173 974 3234 Haec
1000 3174 1086 3233 ita
1107 3175 1158 3233 si
1179 3175 1242 3233 in
1263 3196 1386 3236 rem
1405 3185 1649 3253 agatur.

490 3255 542 3314 si
597 3276 733 3314 vero
803 3256 863 3313 in
931 3275 1249 3333 personam,
1307 3258 1380 3316 ab
1439 3258 1651 3317 actoris

490 3336 724 3413 quidem
762 3342 930 3412 parte
971 3336 1204 3413 quando
1245 3337 1514 3398 satisdari
1556 3339 1653 3398 de-

489 3418 624 3477 beat
680 3426 1032 3494 quaerentes,
1078 3417 1278 3476 eadem
1332 3424 1655 3495 repetemus

490 3518 638 3575 quae
664 3497 917 3557 diximus
945 3498 1004 3555 in
1033 3496 1259 3557 actione
1290 3519 1407 3576 qua
1437 3499 1501 3557 in
1533 3519 1656 3558 rem

490 3579 706 3656 agitur.

571 3659 602 3735 ξ
651 3664 782 3719 101.
831 3659 930 3717 ΑΒ
971 3659 1096 3718 eius
1136 3676 1274 3718 vero
1315 3664 1480 3736 parte
1523 3679 1655 3719 cum

492 3761 607 3819 quo
636 3740 848 3816 agitur,
871 3739 920 3798 si
949 3739 1188 3816 quidem
1209 3739 1398 3798 alieno
1424 3741 1656 3799 nomine

491 3821 700 3898 aliquis
728 3820 1095 3894 interveniat,
1124 3819 1457 3880 omnimodo
1484 3820 1653 3881 satis-

492 3903 623 3963 dan·
664 3901 852 3973 debet,
896 3902 1034 3977 quia
1076 3921 1245 3960 nemo
1295 3902 1516 3960 alienae
1563 3902 1653 3961 rei

491 3984 618 4044 sine
673 3981 1043 4041 satisdatione
1096 3982 1365 4041 defensor
1410 3983 1654 4042 idoneus

492 4063 865 4141 intellegitur.
911 4062 1010 4121 sed
1030 4062 1080 4121 si
1102 4063 1338 4139 quidem
1367 4083 1497 4121 cum
1525 4084 1651 4139 σορ-

492 4149 685 4206 nitore
752 4149 975 4219 agatur,
1042 4143 1310 4202 dominus
1377 4144 1654 4203 satisdare

492 4227 771 4298 iubetur3
827 4224 877 4282 si
909 4244 1046 4283 vero
1087 4244 1223 4282 cum
1262 4232 1652 4301 procuratore,

494 4308 618 4384 ipse
644 4312 996 4384 procurator.
1056 4304 1211 4364 idem
1248 4313 1307 4366 et
1347 4305 1420 4366 de
1458 4314 1654 4367 tutore

493 4396 556 4449 et
581 4389 654 4447 de
680 4391 943 4446 curatore
970 4386 1113 4445 iuris
1138 4392 1241 4446 est.

2380 249 2496 331 [ιν.
2526 251 2592 327 §5
2625 253 2883 311 88-102.

1720 431 1955 490 secured
1994 439 2058 490 to
2099 431 2198 490 the
2237 430 2500 510 plaintiff
2534 432 2615 507 by
2645 431 2747 490 the
2787 451 2883 490 en-

1719 517 2027 589 gagement
2072 512 2139 571 of
2184 512 2282 572 the
2330 511 2692 573 defendant's
2742 532 2881 571 war·

1721 601 1965 652 rantors.

1800 672 1831 748 §
1878 679 1975 735 95.
2032 674 2102 731 Ιιι
2145 674 2246 733 the
2288 675 2672 733 centumviral
2717 681 2885 732 court

1719 753 1820 813 the
1850 774 1979 813 sum
2001 754 2065 813 of
2085 754 2186 813 the
2210 774 2400 832 wager
2416 755 2467 813 is
2494 762 2600 814 not
2624 755 2770 813 sued
2797 754 2886 812 for

1720 834 1798 910 by
1837 835 2086 894 formula
2125 836 2233 894 but
2274 835 2354 911 by
2394 842 2881 911 statute-process.

1720 917 1836 976 We
1911 916 2207 993 challenge
2274 916 2372 975 the
2438 916 2756 975 defendant
2821 921 2885 975 to

1719 995 1947 1072 deposit
1987 1017 2023 1055 a
2062 996 2226 1056 stake
2267 996 2332 1055 of
2374 1017 2410 1056 a
2455 996 2723 1055 hundred
2768 996 2883 1056 and

1719 1076 2074 1153 twenty-five
2135 1084 2424 1150 sesterces,
2479 1078 2579 1137 the
2641 1083 2887 1137 amount

1720 1157 1874 1216 fixed
1900 1159 1981 1235 ΒΥ
2006 1157 2107 1217 the
2131 1159 2229 1217 lex
2258 1202 2272 1217 .
2306 1202 2319 1215 .
2350 1204 2363 1216 .
2399 1202 2413 1216 .

1803 1239 1833 1316 ξ
1861 1243 1956 1299 96.
1999 1239 2075 1298 Ιιι
2106 1260 2143 1298 a
2176 1239 2296 1298 real
2331 1238 2526 1298 action
2562 1258 2599 1297 a
2631 1237 2895 1314 plaintiff

1720 1318 1850 1379 who
1878 1340 2008 1378 sues
2038 1319 2101 1378 in
2127 1319 2217 1378 his
2244 1340 2376 1379 own
2403 1339 2572 1378 name
2606 1318 2774 1396 gives
2810 1338 2887 1377 no

1723 1399 1989 1476 security.

1803 1480 1833 1555 ξ
1863 1486 1958 1540 97.
2004 1477 2147 1539 And
2178 1481 2232 1539 if
2266 1501 2302 1539 a
2338 1479 2604 1557 cognitor
2629 1499 2780 1552 sues,
2809 1499 2887 1537 no

1722 1561 1976 1636 security
1994 1561 2045 1619 is
2072 1561 2338 1638 required
2364 1561 2554 1620 either
2580 1562 2736 1618 from
2761 1561 2889 1618 him

1723 1661 1790 1699 or
1825 1642 1976 1700 from
2017 1641 2108 1700 his
2146 1641 2449 1719 prineipal,
2487 1641 2579 1699 for
2613 1641 2717 1699 the
2757 1661 2886 1734 eog-

1722 1723 1894 1794 nitor,
1950 1723 2124 1799 being
2175 1721 2486 1799 appointed
2540 1721 2618 1795 by
2666 1722 2888 1780 certain

1722 1803 2099 1861 sacramental
2125 1803 2357 1875 terms,
2342 1823 2392 1861 is
2420 1801 2723 1861 identified
2744 1803 2886 1861 with

1720 1884 1822 1942 the
1850 1883 2153 1960 principal.

1802 2044 1833 2120 ξ
1861 2048 1959 2106 98.
2000 2044 2120 2103 But
2148 2044 2197 2102 if
2216 2064 2253 2102 a
2265 2048 2616 2138 procurator
2641 2063 2792 2115 sues,
2813 2044 2889 2103 he

1722 2126 1774 2184 is
1815 2125 2086 2203 required
2125 2131 2188 2183 to
2222 2124 2354 2202 give
2389 2125 2642 2200 security
2665 2124 2762 2182 for
2786 2125 2888 2183 the

1722 2206 2075 2265 ratification
2095 2206 2159 2265 of
2179 2205 2269 2264 his
2288 2204 2666 2283 proeeedings
2690 2206 2774 2281 ΒΥ
2795 2205 2887 2264 his

1724 2286 2025 2364 principal,
2054 2306 2118 2346 as
2145 2285 2446 2345 otherwise
2472 2285 2572 2344 the
2599 2285 2886 2363 principal

1723 2367 1911 2443 might
1936 2388 2037 2426 sue
2064 2368 2235 2444 again
2272 2386 2347 2427 on
2382 2366 2482 2425 the
2508 2386 2667 2425 same
2691 2368 2883 2438 claim,

1725 2448 1913 2506 which
1941 2448 2011 2507 he
2038 2453 2251 2508 cannot
2275 2448 2350 2507 do
2376 2448 2527 2507 after
2551 2447 2725 2526 suing
2752 2448 2830 2529 ΒΥ
2851 2468 2888 2508 a

1725 2530 2004 2607 cognitor.

1806 2852 1836 2928 §
1868 2857 1965 2911 99.
2008 2852 2335 2911 Guardians
2359 2851 2475 2911 and
2499 2856 2764 2911 curators
2789 2872 2890 2912 are

1722 2933 1991 3010 required
2040 2932 2116 3009 ΒΥ
2156 2934 2256 2992 the
2305 2933 2458 2992 edict
2504 2938 2568 2990 to
2609 2933 2746 3009 give
2784 2933 2888 2993 the

1721 3033 1880 3073 same
1930 3014 2181 3090 security
2229 3033 2293 3072 as
2347 3018 2729 3090 procurator-s,
2777 3015 2887 3073 but

1722 3114 1820 3155 are
1848 3095 2173 3153 sometimes
2200 3095 2462 3153 excused.

1804 3175 1836 3251 ξ
1870 3181 2001 3234 100.
2048 3175 2126 3234 So
2164 3175 2337 3234 much
2378 3175 2467 3233 for
2492 3175 2612 3233 real
2650 3175 2886 3234 actions.

1724 3255 1801 3314 In
1838 3256 2104 3333 personal
2143 3256 2366 3315 actions
2402 3255 2504 3315 the
2544 3255 2807 3333 pla-intifl'
2832 3257 2889 3314 is

1726 3337 2017 3412 governed
2063 3337 2143 3413 ΒΥ
2181 3335 2281 3396 the
2327 3356 2485 3396 same
2523 3338 2678 3396 rules
2702 3356 2783 3403 as
2826 3337 2886 3395 in

1729 3417 1850 3477 real
1877 3416 2115 3477 actions.

1810 3659 1841 3735 ξ
1873 3665 2004 3718 101.
2050 3659 2113 3717 If
2146 3659 2246 3718 the
2279 3658 2591 3718 defendant
2617 3659 2669 3718 is
2694 3679 2886 3736 repre·

1729 3740 1929 3799 sented
1972 3740 2050 3815 ΒΥ
2090 3740 2333 3799 another
2370 3760 2598 3817 person,
2635 3740 2889 3817 security

1727 3826 1886 3880 must
1912 3820 2126 3898 always
2151 3821 2225 3879 be
2250 3820 2441 3897 given,
2467 3820 2560 3880 for
2585 3841 2662 3880 no
2700 3841 2810 3880 one
2837 3822 2890 3882 is

1727 3901 1967 3960 allowed
2007 3907 2070 3961 to
2111 3900 2319 3961 defend
2360 3901 2604 3961 another
2638 3901 2891 3962 without

1729 3983 2015 4059 security:
2072 3983 2182 4041 but
2224 3983 2285 4040 in
2325 4003 2362 4041 a
2411 3982 2529 4041 suit
2576 3983 2805 4059 against
2851 4005 2889 4043 a

1727 4063 1989 4156 cognitor
2041 4062 2091 4122 it
2150 4063 2200 4121 is
2260 4063 2360 4122 the
2412 4063 2700 4141 principal
2755 4064 2889 4125 who

1727 4144 1889 4221 gives
1926 4143 2219 4220 security3
2268 4145 2329 4202 in
2367 4163 2403 4201 a
2438 4143 2558 4203 suit
2593 4146 2824 4223 against
2853 4167 2891 4205 a

1727 4230 2071 4318 procurator
2142 4224 2243 4284 the
2318 4230 2659 4301 procurator
2726 4227 2892 4304 gives

1726 4306 2014 4381 security3
2071 4303 2187 4363 and
2227 4305 2328 4363 the
2369 4325 2525 4365 same
2564 4306 2787 4386 applies
2828 4316 2891 4368 to

1727 4387 2038 4464 guardians
2064 4385 2182 4445 and
2208 4394 2484 4447 curators.

3140 4 3151 56 1

3140 95 3154 772 ἰ
